@article{Fong-2009,
    author = {Fong, Philip W.L.},
    title = {Reading a Computer Science Research Paper},
    year = {2009},
    issue_date = {June 2009},
    publisher = {Association for Computing Machinery},
    address = {New York, NY, USA},
    volume = {41},
    number = {2},
    issn = {0097-8418},
    url = {https://doi.org/10.1145/1595453.1595493},
    doi = {10.1145/1595453.1595493},
    journal = {SIGCSE Bull.},
    month = jun,
    pages = {138–140},
    numpages = {3},
    keywords = {graduate education, paper review, reading research papers}
}

@article{Keshav-2007,
    author = {Keshav, S.},
    title = {How to Read a Paper},
    year = {2007},
    issue_date = {July 2007},
    publisher = {Association for Computing Machinery},
    address = {New York, NY, USA},
    volume = {37},
    number = {3},
    issn = {0146-4833},
    url = {https://doi.org/10.1145/1273445.1273458},
    doi = {10.1145/1273445.1273458},
    journal = {SIGCOMM Comput. Commun. Rev.},
    month = jul,
    pages = {83–84},
    numpages = {2},
    keywords = {reading, hints, paper}
}